
@article{soetaert2010,
	title = {Solving Differential Equations in {\emph{R}} : Package {\textbf{deSolve}}},
	author = {Soetaert, Karline and Petzoldt, Thomas and Setzer, R. Woodrow},
	year = {2010},
	date = {2010},
	journal = {Journal of Statistical Software},
	volume = {33},
	number = {9},
	doi = {10.18637/jss.v033.i09},
	url = {http://www.jstatsoft.org/v33/i09/},
	langid = {en}
}

@article{earles2017,
	title = {Excess diffuse light absorption in upper mesophyll limits CO{\textsubscript{2}} drawdown and depresses photosynthesis},
	author = {Earles, J. Mason and {Th√©roux-Rancourt}, Guillaume and Gilbert, Matthew E. and McElrone, Andrew J. and Brodersen, Craig R.},
	year = {2017},
	month = {06},
	date = {2017-06},
	journal = {Plant Physiology},
	pages = {1082--1096},
	volume = {174},
	number = {2},
	doi = {10.1104/pp.17.00223},
	url = {https://academic.oup.com/plphys/article/174/2/1082-1096/6117304},
	langid = {en}
}

@article{tholen2011,
	title = {The mechanistic basis of internal conductance: A theoretical analysis of mesophyll cell photosynthesis and CO{\textsubscript{2}} diffusion},
	author = {Tholen, D. and Zhu, X.-G.},
	year = {2011},
	month = {05},
	date = {2011-05-01},
	journal = {Plant Physiology},
	pages = {90--105},
	volume = {156},
	number = {1},
	doi = {10.1104/pp.111.172346},
	url = {http://www.plantphysiol.org/cgi/doi/10.1104/pp.111.172346},
	langid = {en}
}

@book{caemmerer2000,
	title = {Biochemical models of leaf photosynthesis},
	author = {Caemmerer, Susanne von},
	year = {2000},
	date = {2000},
	publisher = {CSIRO},
	series = {Techniques in plant science},
	number = {2},
	note = {OCLC: 247732918},
	address = {Collingwood},
	langid = {en}
}

@article{evans2009,
	title = {Resistances along the CO{\textsubscript{2}} diffusion pathway inside leaves},
	author = {Evans, J. R. and Kaldenhoff, R. and Genty, B. and Terashima, I.},
	year = {2009},
	month = {05},
	date = {2009-05-01},
	journal = {Journal of Experimental Botany},
	pages = {2235--2248},
	volume = {60},
	number = {8},
	doi = {10.1093/jxb/erp117},
	url = {https://academic.oup.com/jxb/article-lookup/doi/10.1093/jxb/erp117},
	langid = {en}
}
